<?xml version="1.0" encoding="UTF-8"?><collection xmlns="http://www.loc.gov/MARC21/slim"><record><leader>00544nam--2200193-i-4500</leader><controlfield tag="001">000001476</controlfield><controlfield tag="002">20161230</controlfield><controlfield tag="005">20161230201024</controlfield><controlfield tag="008">060222s1000------------r-----000-0-eng-d</controlfield><datafield ind1=" " ind2=" " tag="020"><subfield code="a">012509860X</subfield></datafield><datafield ind1=" " ind2=" " tag="040"><subfield code="a">IFIN-HH</subfield></datafield><datafield ind1=" " ind2=" " tag="080"><subfield code="a">539.19</subfield></datafield><datafield ind1="1" ind2=" " tag="100"><subfield code="a">Mulliken, Robert S</subfield></datafield><datafield ind1="1" ind2="0" tag="245"><subfield code="a">Polyatomic molecules</subfield><subfield code="b">Results of ab initio calculations</subfield><subfield code="c">Robert s. mulliken, walter c. ermler</subfield></datafield><datafield ind1=" " ind2=" " tag="260"><subfield code="a">New York</subfield><subfield code="b">Academic Press</subfield><subfield code="c">1981</subfield></datafield><datafield ind1=" " ind2=" " tag="300"><subfield code="a">XVI + 431 P</subfield></datafield><datafield ind1="1" ind2=" " tag="700"><subfield code="a">Ermler, Walter C</subfield></datafield><datafield ind1=" " ind2=" " tag="852"><subfield code="a">70692</subfield><subfield code="c">539.19</subfield></datafield><datafield ind1=" " ind2=" " tag="CAT"><subfield code="a">Sys</subfield><subfield code="c">20120717</subfield><subfield code="h">133545</subfield></datafield></record></collection>